<record><leader>00000cas a22000007a 4500</leader><controlfield tag="001">9431666</controlfield><controlfield tag="008">830420d18521860mouwr ne      0    0eng d</controlfield><controlfield tag="009">3770</controlfield><datafield ind1=" " ind2=" " tag="010"><subfield code="a">sn 83025409 </subfield></datafield><datafield ind1=" " ind2=" " tag="040"><subfield code="a">NPV</subfield><subfield code="b">eng</subfield><subfield code="c">NPV</subfield><subfield code="d">NPT</subfield><subfield code="d">NPX</subfield><subfield code="d">MQN</subfield><subfield code="d">CRL</subfield><subfield code="d">OCL</subfield><subfield code="d">OCLCF</subfield><subfield code="d">OCLCO</subfield></datafield><datafield ind1="1" ind2=" " tag="029"><subfield code="a">AU@</subfield><subfield code="b">000020226343</subfield></datafield><datafield ind1=" " ind2=" " tag="042"><subfield code="a">msc</subfield></datafield><datafield ind1=" " ind2=" " tag="043"><subfield code="a">n-us-mo</subfield></datafield><datafield ind1=" " ind2=" " tag="045"><subfield code="a">w5w-</subfield></datafield><datafield ind1=" " ind2=" " tag="052"><subfield code="a">4163</subfield><subfield code="b">C63</subfield></datafield><datafield ind1="0" ind2="0" tag="245"><subfield code="a">Liberty weekly tribune.</subfield></datafield><datafield ind1=" " ind2=" " tag="260"><subfield code="a">Liberty, Clay County, Mo. :</subfield><subfield code="b">Robert H. Miller,</subfield><subfield code="c">1852-1860.</subfield></datafield><datafield ind1=" " ind2=" " tag="300"><subfield code="a">v.</subfield></datafield><datafield ind1=" " ind2=" " tag="310"><subfield code="a">Weekly</subfield></datafield><datafield ind1="0" ind2=" " tag="362"><subfield code="a">Vol. 7, no. 14 (July 16, 1852)-v. 15, no. 13 (Aug. 10, 1860).</subfield></datafield><datafield ind1=" " ind2="0" tag="651"><subfield code="a">Liberty (Mo.)</subfield><subfield code="v">Newspapers.</subfield></datafield><datafield ind1=" " ind2="7" tag="655"><subfield code="a">Newspapers.</subfield><subfield code="2">fast</subfield><subfield code="0">(OCoLC)fst01423814</subfield></datafield><datafield ind1=" " ind2="7" tag="651"><subfield code="a">Missouri</subfield><subfield code="z">Liberty.</subfield><subfield code="2">fast</subfield><subfield code="0">(OCoLC)fst01220807</subfield></datafield><datafield ind1=" " ind2=" " tag="752"><subfield code="a">United States</subfield><subfield code="b">Missouri</subfield><subfield code="c">Clay</subfield><subfield code="d">Liberty.</subfield></datafield><datafield ind1="0" ind2="0" tag="780"><subfield code="t">Weekly tribune (Liberty, Mo.)</subfield><subfield code="w">(DLC)sn 83025408</subfield></datafield><datafield ind1="0" ind2="0" tag="785"><subfield code="t">Liberty tribune (Liberty, Mo. : 1860)</subfield><subfield code="w">(DLC)sn 85033997</subfield></datafield></record>